@book{GoingFaster,
  title={Going faster!: mastering the art of race driving},
  author={Lopez, C. and Sullivan, D.},
  isbn={9780837602264},
  lccn={2001043278},
  url={https://books.google.com.mt/books?id=ewnc557NPLsC},
  year={2001},
  publisher={Bentley Publishers}
}

@article{beckman1991physics,
  title={The Physics of Racing, Part 5: Introduction to the Racing Line},
  author={Beckman, Brian and Club, No Bucks Racing},
  journal={online] http://www. esbconsult. com. au/ogden/locust/phors/phors05. htm},
  year={1991}
}

@article{yuserious,
  title={Serious Games: Issues and Challenges for Teaching and Training},
  author={Yu, Chien and Wu, Jeng-Yang and Johnson, Aliesha}
}

@book{stanton2015brief,
  title={A Brief History Of Video Games: From Atari to Xbox One},
  author={Stanton, R.},
  isbn={9781472118813},
  url={https://books.google.com.mt/books?id=NUFIBQAAQBAJ},
  year={2015},
  publisher={Little, Brown Book Group}
}

@book{abt1970,
  title={Serious Games},
  author={Clark C. Abt},
  year={1970},
  publisher={Viking Press}
}

@article{zyda2005visual,
  title={From visual simulation to virtual reality to games},
  author={Zyda, Michael},
  journal={Computer},
  volume={38},
  number={9},
  pages={25--32},
  year={2005},
  publisher={IEEE}
}

@article{djaouti2011classifying,
  title={Classifying serious games: the G/P/S model},
  author={Djaouti, Damien and Alvarez, Julian and Jessel, Jean-Pierre},
  journal={Handbook of research on improving learning and motivation through educational games: Multidisciplinary approaches},
  pages={118--136},
  year={2011},
  publisher={IGI Global Hershey, PA}
}

@book{michael2005serious,
  title={Serious games: Games that educate, train, and inform},
  author={Michael, David R and Chen, Sandra L},
  year={2005},
  publisher={Muska \& Lipman/Premier-Trade}
}

@book{michael2005serious,
  title={Serious games: Games that educate, train, and inform},
  author={Michael, David R and Chen, Sandra L},
  year={2005},
  publisher={Muska \& Lipman/Premier-Trade}
}